 @misc{sangoma-technologies,
 	 title={Asterisk 18 documentation}, 
 	 url={https://wiki.asterisk.org/wiki/display/AST/Asterisk+18+Documentation},
 	 journal={Asterisk 18 documentation - asterisk project - asterisk project wiki}, 
 	 author={Sangoma Technologies}
   } 

 @misc{3cx_2022, title={3CX. PBX. live chat. video calling.},
 	url={https://www.3cx.com/}, 
 	journal={3CX}, 
 	author={3CX}, 
 	year={2022}, 
 	month={Apr}
 } 

 @misc{cytron-technologies, 
 	title={Raspberry pi 4 model B - 4GB}, 
 	url={https://www.cytron.io/p-raspberry-pi-4-model-b-4gb}, 
 	journal={Cytron Technologies},
 	author={Cytron Technologies}
 } 